@book{Culler:1998:PCA:2821564,
 author = {Culler, David and Singh, Jaswinder Pal and Gupta, Anoop},
 title = {Parallel Computer Architecture: A Hardware/Software Approach},
 year = {1998},
 isbn = {9780080573076},
 publisher = {Morgan Kaufmann Publishers Inc.},
 address = {San Francisco, CA, USA},
}

@article{microelectronics1997ultrasparc,
  title={UltraSPARC™ User’s Manual},
  author={Microelectronics, Sun},
  journal={STP1030-UG, Sun Microelectronics (January 1996)},
  year={1997}
}

@misc{devices2006amd64,
  title={AMD64 architecture programmer’s manual volume 2: System programming},
  author={AMD},
  year={2006}
}

@misc{holdingsarm,
  title={ARM Cortex-A53 MPCore Processor, Technical Reference Manual},
  author={Holdings, ARM},
  year={2014}
}

@article{thomadakis2011architecture,
  title={The architecture of the Nehalem processor and Nehalem-EP SMP platforms},
  author={Thomadakis, Michael E},
  journal={Resource},
  volume={3},
  number={2},
  pages={30--32},
  year={2011},
  publisher={Citeseer}
}

@book{Jacob:2007:MSC:1543376,
 author = {Jacob, Bruce and Ng, Spencer and Wang, David},
 title = {Memory Systems: Cache, DRAM, Disk},
 year = {2007},
 isbn = {0123797519, 9780123797513},
 publisher = {Morgan Kaufmann Publishers Inc.},
 address = {San Francisco, CA, USA},
}

@article{atkinson1987dragon,
 author = {Atkinson, Russell R. and McCreight, Edward M. and McCreight, Edward M.},
 title = {The Dragon Processor},
 journal = {SIGARCH Comput. Archit. News},
 issue_date = {Oct. 1987},
 volume = {15},
 number = {5},
 month = oct,
 year = {1987},
 issn = {0163-5964},
 pages = {65--69},
 numpages = {5},
 url = {http://doi.acm.org/10.1145/36177.36185},
 doi = {10.1145/36177.36185},
 acmid = {36185},
 publisher = {ACM},
 address = {New York, NY, USA},
}

@inproceedings{bienia2008parsec,
 author = {Bienia, Christian and Kumar, Sanjeev and Singh, Jaswinder Pal and Li, Kai},
 title = {The PARSEC Benchmark Suite: Characterization and Architectural Implications},
 booktitle = {Proceedings of the 17th International Conference on Parallel Architectures and Compilation Techniques},
 series = {PACT '08},
 year = {2008},
 isbn = {978-1-60558-282-5},
 location = {Toronto, Ontario, Canada},
 pages = {72--81},
 numpages = {10},
 url = {http://doi.acm.org/10.1145/1454115.1454128},
 doi = {10.1145/1454115.1454128},
 acmid = {1454128},
 publisher = {ACM},
 address = {New York, NY, USA},
 keywords = {benchmark suite, multithreading, performance measurement, shared-memory computers},
}
